<record><leader>00000cas a2200000 a 4500</leader><controlfield tag="001">5203378</controlfield><controlfield tag="008">790724d19731985caumn p       0   a0eng c</controlfield><datafield ind1=" " ind2=" " tag="010"><subfield code="a">sn 83007219 </subfield></datafield><datafield ind1=" " ind2=" " tag="040"><subfield code="a">CLU</subfield><subfield code="b">eng</subfield><subfield code="c">CLU</subfield><subfield code="d">UCU</subfield><subfield code="d">NSD</subfield><subfield code="d">CLU</subfield><subfield code="d">NSD</subfield><subfield code="d">NST</subfield><subfield code="d">YOX</subfield><subfield code="d">HVL</subfield><subfield code="d">NYS</subfield><subfield code="d">OCLCQ</subfield><subfield code="d">CUV</subfield><subfield code="d">OCLCA</subfield><subfield code="d">OCLCQ</subfield><subfield code="d">OCLCF</subfield><subfield code="d">OCLCO</subfield></datafield><datafield ind1=" " ind2=" " tag="012"><subfield code="j">0</subfield><subfield code="m">d</subfield></datafield><datafield ind1="1" ind2=" " tag="022"><subfield code="a">0745-6697</subfield><subfield code="l">0745-6697</subfield><subfield code="2">1</subfield></datafield><datafield ind1="1" ind2=" " tag="029"><subfield code="a">AU@</subfield><subfield code="b">000020398526</subfield></datafield><datafield ind1=" " ind2=" " tag="037"><subfield code="b">2404 W. 7th St., Rm. 202, Los Angeles, CA, 90057</subfield></datafield><datafield ind1=" " ind2=" " tag="042"><subfield code="a">nsdp</subfield><subfield code="a">pcc</subfield></datafield><datafield ind1=" " ind2=" " tag="043"><subfield code="a">n-us-ca</subfield></datafield><datafield ind1=" " ind2="4" tag="050"><subfield code="a">HX1</subfield><subfield code="b">.C34</subfield></datafield><datafield ind1="0" ind2=" " tag="130"><subfield code="a">California socialist (Los Angeles, Calif.)</subfield></datafield><datafield ind1=" " ind2="0" tag="222"><subfield code="a">California socialist</subfield></datafield><datafield ind1="1" ind2="0" tag="245"><subfield code="a">California socialist.</subfield></datafield><datafield ind1=" " ind2=" " tag="260"><subfield code="a">Los Angeles [Calif.] :</subfield><subfield code="b">Socialist Party of California,</subfield><subfield code="c">-1985.</subfield></datafield><datafield ind1=" " ind2=" " tag="300"><subfield code="a">v. :</subfield><subfield code="b">ill. ;</subfield><subfield code="c">28-36 cm.</subfield></datafield><datafield ind1=" " ind2=" " tag="310"><subfield code="a">Monthly (except Jan./Feb., July/Aug.)</subfield></datafield><datafield ind1="1" ind2=" " tag="362"><subfield code="a">Began in 1973?</subfield></datafield><datafield ind1="0" ind2=" " tag="362"><subfield code="a">-v. 9, no. 3 (Apr. 1985) = whole no. 121.</subfield></datafield><datafield ind1=" " ind2=" " tag="500"><subfield code="a">"Trade unionist, socialist, revolutionary."</subfield></datafield><datafield ind1=" " ind2=" " tag="515"><subfield code="a">Most issues carry vol. and issues numbers as well as whole numbering.</subfield></datafield><datafield ind1=" " ind2=" " tag="530"><subfield code="a">Also issued on microfilm.</subfield></datafield><datafield ind1=" " ind2=" " tag="550"><subfield code="a">Issued by Socialist Party USA, &lt;June 1974&gt;; by State Comm[ittee] of the Socialist Party of California, &lt;Mar. 1982&gt;-April 1985.</subfield></datafield><datafield ind1=" " ind2=" " tag="588"><subfield code="a">Description based on: June 1973; title from caption.</subfield></datafield><datafield ind1=" " ind2="0" tag="650"><subfield code="a">Socialism</subfield><subfield code="v">Periodicals.</subfield></datafield><datafield ind1=" " ind2="0" tag="650"><subfield code="a">Socialism</subfield><subfield code="z">California</subfield><subfield code="v">Periodicals.</subfield></datafield><datafield ind1=" " ind2="0" tag="651"><subfield code="a">Los Angeles (Calif.)</subfield><subfield code="v">Periodicals.</subfield></datafield><datafield ind1=" " ind2="0" tag="651"><subfield code="a">Los Angeles County (Calif.)</subfield><subfield code="v">Periodicals.</subfield></datafield><datafield ind1=" " ind2="7" tag="655"><subfield code="a">Periodicals.</subfield><subfield code="2">fast</subfield><subfield code="0">(OCoLC)fst01411641</subfield></datafield><datafield ind1=" " ind2="7" tag="650"><subfield code="a">Socialism.</subfield><subfield code="2">fast</subfield><subfield code="0">(OCoLC)fst01123637</subfield></datafield><datafield ind1=" " ind2="7" tag="651"><subfield code="a">California.</subfield><subfield code="2">fast</subfield><subfield code="0">(OCoLC)fst01204928</subfield></datafield><datafield ind1=" " ind2="7" tag="651"><subfield code="a">California</subfield><subfield code="z">Los Angeles.</subfield><subfield code="2">fast</subfield><subfield code="0">(OCoLC)fst01204540</subfield></datafield><datafield ind1=" " ind2="7" tag="651"><subfield code="a">California</subfield><subfield code="z">Los Angeles County.</subfield><subfield code="2">fast</subfield><subfield code="0">(OCoLC)fst01205194</subfield></datafield><datafield ind1="2" ind2=" " tag="710"><subfield code="a">Socialist Party of California.</subfield></datafield><datafield ind1="2" ind2=" " tag="710"><subfield code="a">Socialist Party of California.</subfield><subfield code="b">State Committee.</subfield></datafield><datafield ind1="2" ind2=" " tag="710"><subfield code="a">Socialist Party of the United States of America.</subfield></datafield><datafield ind1=" " ind2=" " tag="752"><subfield code="a">United States</subfield><subfield code="b">California</subfield><subfield code="c">Los Angeles</subfield><subfield code="d">Los Angeles.</subfield></datafield><datafield ind1="1" ind2=" " tag="776"><subfield code="t">California socialist (Los Angeles (Calif.))</subfield><subfield code="x">0745-6697</subfield><subfield code="w">(OCoLC)8331912</subfield></datafield><datafield ind1="1" ind2=" " tag="776"><subfield code="t">California Socialist</subfield><subfield code="w">(DLC)sn 92013245</subfield><subfield code="w">(OCoLC)26180733</subfield></datafield><datafield ind1="0" ind2="7" tag="785"><subfield code="t">Socialist tribune (Milwaukee, Wis.)</subfield><subfield code="w">(DLC)sn 92060634</subfield><subfield code="w">(OCoLC)14758583</subfield></datafield><datafield ind1="0" ind2="7" tag="785"><subfield code="t">California Socialist and Socialist tribune</subfield><subfield code="w">(DLC)sn 86036175</subfield><subfield code="w">(OCoLC)13403313</subfield></datafield><datafield ind1=" " ind2=" " tag="850"><subfield code="a">NN</subfield></datafield></record>